
@comment Papers
@misc{soft-that-lasts,
	author = {Judith Bishop and Nigel Horspool},
	title = {Cross-Platform Development: Software that Lasts},
	publisher = {IEEE Computer Society},
	year = {2006},
	month = {October},
}

@misc{ds-phases,
	author = {Yunus Yusoff, Roslan Ismail and Zainuddin Hassa},
	title = {Common phases of computer forensics investigation models},
	publisher = {International Journal of Computer Science & Information Technology},
	year = {2011},
	month = {June}


}

@comment Books
@book{vasil-dfs,
	author = {Vassil Roussev},
	publisher = {Morgan - cLaypool publishers},
	editor =  {Elisa Bertino and Ravi Sandhu},
	title = {Digital Forensic Science - Issues, Methods, and Challenges},
	year = {2007},
}

@comment Conferences
@conference{DFRWS-df-road-map,
	author = {Digital Forensics Research Workshop},
	title = {Digital forensics research conference},
	booktitle = {A Road Map for Digital Forensic Research}, 
	year = {2001},
}


@comment Webpages
@misc{encase-web,
	title = {EnCase Forensic},
	howpublished = {\url{https://www.guidancesoftware.com/encase-forensic}},
	note = {Accessed: 11-10-2017},
}

@misc{22-cf-tools,
	title = {22 Popular Computer Forensics Tools},
	howpublished = {\url{http://resources.infosecinstitute.com/computer-forensics-tools/#gref}},
	note = {Accessed: 11-10-2017},
	year = {2017},

}

@misc{tsk-web,
	title = {The Sleuth Kit},
	howpublished = {\url{http://www.sleuthkit.org/}},
	note = {Accessed: 11-10-2017},
}
